[gd_scene load_steps=12 format=2]

[ext_resource path="res://src/scripts/Game/Minions/Weapons/LaserShot.gd" type="Script" id=1]
[ext_resource path="res://assets/particles/smoke_01.png" type="Texture" id=2]

[sub_resource type="CylinderShape" id=1]

[sub_resource type="CylinderMesh" id=2]

[sub_resource type="SpatialMaterial" id=3]
albedo_color = Color( 1, 0, 0, 1 )
emission_enabled = true
emission = Color( 1, 0, 0, 1 )
emission_energy = 2.0
emission_operator = 0
emission_on_uv2 = false

[sub_resource type="Animation" id=4]
resource_name = "Hit"
length = 0.4
tracks/0/type = "method"
tracks/0/path = NodePath(".")
tracks/0/interp = 1
tracks/0/loop_wrap = true
tracks/0/imported = false
tracks/0/enabled = true
tracks/0/keys = {
"times": PoolRealArray( 0, 0.4 ),
"transitions": PoolRealArray( 1, 1 ),
"values": [ {
"args": [ false ],
"method": "set_physics_process"
}, {
"args": [  ],
"method": "queue_free"
} ]
}
tracks/1/type = "value"
tracks/1/path = NodePath("Particles:emitting")
tracks/1/interp = 1
tracks/1/loop_wrap = true
tracks/1/imported = false
tracks/1/enabled = true
tracks/1/keys = {
"times": PoolRealArray( 0 ),
"transitions": PoolRealArray( 1 ),
"update": 1,
"values": [ true ]
}
tracks/2/type = "value"
tracks/2/path = NodePath("MeshInstance:visible")
tracks/2/interp = 1
tracks/2/loop_wrap = true
tracks/2/imported = false
tracks/2/enabled = true
tracks/2/keys = {
"times": PoolRealArray( 0 ),
"transitions": PoolRealArray( 1 ),
"update": 1,
"values": [ false ]
}
tracks/3/type = "value"
tracks/3/path = NodePath("HitArea/CollisionShape:disabled")
tracks/3/interp = 1
tracks/3/loop_wrap = true
tracks/3/imported = false
tracks/3/enabled = true
tracks/3/keys = {
"times": PoolRealArray( 0 ),
"transitions": PoolRealArray( 1 ),
"update": 1,
"values": [ true ]
}

[sub_resource type="SpatialMaterial" id=5]
flags_transparent = true
flags_unshaded = true
params_billboard_mode = 3
particles_anim_h_frames = 1
particles_anim_v_frames = 1
particles_anim_loop = false
albedo_color = Color( 0.819608, 0.0941176, 0.0941176, 1 )
albedo_texture = ExtResource( 2 )

[sub_resource type="Curve" id=6]
_data = [ Vector2( 0, 1 ), 0.0, 0.0, 0, 0, Vector2( 0.988318, 0.217791 ), 0.0, 0.0, 0, 0 ]

[sub_resource type="CurveTexture" id=7]
curve = SubResource( 6 )

[sub_resource type="ParticlesMaterial" id=8]
emission_shape = 1
emission_sphere_radius = 0.2
gravity = Vector3( 0, 0.5, 0 )
scale_curve = SubResource( 7 )

[sub_resource type="QuadMesh" id=9]

[node name="LaserShot" type="Spatial"]
script = ExtResource( 1 )

[node name="HitArea" type="Area" parent="."]

[node name="CollisionShape" type="CollisionShape" parent="HitArea"]
transform = Transform( 0.1, 0, 0, 0, -2.18557e-08, -0.1, 0, 0.5, -4.37114e-09, 0, 0, 0 )
shape = SubResource( 1 )

[node name="MeshInstance" type="MeshInstance" parent="."]
transform = Transform( 0.1, 0, 0, 0, -2.18557e-08, -0.1, 0, 0.5, -4.37114e-09, 0, 0, 0 )
mesh = SubResource( 2 )
material/0 = SubResource( 3 )

[node name="AnimationPlayer" type="AnimationPlayer" parent="."]
anims/Hit = SubResource( 4 )

[node name="Particles" type="Particles" parent="."]
material_override = SubResource( 5 )
emitting = false
lifetime = 0.4
one_shot = true
explosiveness = 1.0
visibility_aabb = AABB( -1.10593, -1.03183, -0.908465, 2.21186, 2.06366, 1.81693 )
process_material = SubResource( 8 )
draw_pass_1 = SubResource( 9 )
